@article{Curran_2020, title={Evolution in statistics: P values, statistical significance, kayaks, and walking trees}, volume={44}, url={http://dx.doi.org/10.1152/advan.00054.2020}, DOI={10.1152/advan.00054.2020}, number={2}, journal={Advances in Physiology Education}, publisher={American Physiological Society}, author={Curran-Everett, Douglas}, year={2020}, month={Jun}, pages={221–224} }

@article{Iverson_Lee_Wagenmakers_2009, title={p rep misestimates the probability of replication}, volume={16}, url={http://dx.doi.org/10.3758/PBR.16.2.424}, DOI={10.3758/pbr.16.2.424}, number={2}, journal={Psychonomic Bulletin & Review}, publisher={Springer Science and Business Media LLC}, author={Iverson, Geoffrey J. and Lee, Michael D. and Wagenmakers, Eric-Jan}, year={2009}, month={Apr}, pages={424–429} }


@article{Amrhein_Trafimow_Greenland_2019, title={Inferential Statistics as Descriptive Statistics: There Is No Replication Crisis if We Don’t Expect Replication}, volume={73}, url={http://dx.doi.org/10.1080/00031305.2018.1543137}, DOI={10.1080/00031305.2018.1543137}, number={sup1}, journal={The American Statistician}, publisher={Informa UK Limited}, author={Amrhein, Valentin and Trafimow, David and Greenland, Sander}, year={2019}, month={Mar}, pages={262–270} }

@article{Sanchez_Dunning_2018, title={Overconfidence among beginners: Is a little learning a dangerous thing?}, volume={114}, url={http://dx.doi.org/10.1037/pspa0000102}, DOI={10.1037/pspa0000102}, number={1}, journal={Journal of Personality and Social Psychology}, publisher={American Psychological Association (APA)}, author={Sanchez, Carmen and Dunning, David}, year={2018}, month={Jan}, pages={10–28} }
